<?xml version="1.0" encoding="UTF-8"?>
<record xmlns="http://www.loc.gov/MARC21/slim" xmlns:xsi="http://www.w3.org/2001/XMLSchema-instance" xsi:schemaLocation="http://www.loc.gov/MARC21/slim http://www.loc.gov/standards/marcxml/schema/MARC21slim.xsd">
<leader>00000cam a22      a 4500</leader>
<controlfield tag="001">001812106</controlfield>
<controlfield tag="003">NNU</controlfield>
<controlfield tag="005">20160302154808.0</controlfield>
<controlfield tag="008">781204s1959    le b     b    000 0 eng</controlfield>
<datafield tag="010" ind1=" " ind2=" ">
<subfield code="a">ne 65000980</subfield>
</datafield>
<datafield tag="035" ind1=" " ind2=" ">
<subfield code="a">(OCoLC)4418108</subfield>
</datafield>
<datafield tag="040" ind1=" " ind2=" ">
<subfield code="a">DLC</subfield>
<subfield code="b">eng</subfield>
<subfield code="c">CLE</subfield>
<subfield code="d">DLC</subfield>
<subfield code="d">SER</subfield>
<subfield code="d">OCLCQ</subfield>
<subfield code="d">NLGGC</subfield>
<subfield code="d">BTCTA</subfield>
<subfield code="d">BOS</subfield>
<subfield code="d">OCLCF</subfield>
<subfield code="d">OCLCQ</subfield>
<subfield code="d">OCLCO</subfield>
</datafield>
<datafield tag="041" ind1="1" ind2=" ">
<subfield code="a">eng</subfield>
<subfield code="h">und</subfield>
</datafield>
<datafield tag="043" ind1=" " ind2=" ">
<subfield code="a">a-le---</subfield>
</datafield>
<datafield tag="050" ind1="0" ind2="0">
<subfield code="a">PJ25</subfield>
<subfield code="b">.A6 no. 33</subfield>
</datafield>
<datafield tag="050" ind1=" " ind2="4">
<subfield code="a">DS84</subfield>
<subfield code="b">F59</subfield>
</datafield>
<datafield tag="082" ind1="0" ind2="4">
<subfield code="a">956.9</subfield>
<subfield code="b">Aq22ℓ</subfield>
</datafield>
<datafield tag="084" ind1=" " ind2=" ">
<subfield code="a">15.75</subfield>
<subfield code="2">bcl</subfield>
</datafield>
<datafield tag="100" ind1="1" ind2=" ">
<subfield code="a">ʻAqīqī, Anṭūn Ḍāhir.</subfield>
</datafield>
<datafield tag="245" ind1="1" ind2="0">
<subfield code="a">Lebanon in the last years of feudalism, 1840-1868;</subfield>
<subfield code="b">a contemporary account,</subfield>
<subfield code="c">by Anṭūn Ḍāhir al-'Aqīqi and other documents. Translated with notes and commentary by Malcolm H. Kerr.</subfield>
</datafield>
<datafield tag="260" ind1=" " ind2=" ">
<subfield code="a">Beirut,</subfield>
<subfield code="c">1959.</subfield>
</datafield>
<datafield tag="300" ind1=" " ind2=" ">
<subfield code="a">xiii, 159 pages :</subfield>
<subfield code="b">maps ;</subfield>
<subfield code="c">23 cm.</subfield>
</datafield>
<datafield tag="336" ind1=" " ind2=" ">
<subfield code="a">text</subfield>
<subfield code="b">txt</subfield>
<subfield code="2">rdacontent</subfield>
</datafield>
<datafield tag="337" ind1=" " ind2=" ">
<subfield code="a">unmediated</subfield>
<subfield code="b">n</subfield>
<subfield code="2">rdamedia</subfield>
</datafield>
<datafield tag="338" ind1=" " ind2=" ">
<subfield code="a">volume</subfield>
<subfield code="b">nc</subfield>
<subfield code="2">rdacarrier</subfield>
</datafield>
<datafield tag="490" ind1="1" ind2=" ">
<subfield code="a">American University of Beirut. Publication of the Faculty of Arts and Sciences. Oriental series,</subfield>
<subfield code="v">no. 33</subfield>
</datafield>
<datafield tag="500" ind1=" " ind2=" ">
<subfield code="a">Revision of the editor's thesis (M.A.) American University of Beirut. 1955.</subfield>
</datafield>
<datafield tag="504" ind1=" " ind2=" ">
<subfield code="a">Includes bibliographical references.</subfield>
</datafield>
<datafield tag="651" ind1=" " ind2="0">
<subfield code="a">Lebanon</subfield>
<subfield code="x">History.</subfield>
</datafield>
<datafield tag="651" ind1=" " ind2="7">
<subfield code="a">Lebanon.</subfield>
<subfield code="2">fast</subfield>
<subfield code="0">(OCoLC)fst01206063</subfield>
</datafield>
<datafield tag="655" ind1=" " ind2="7">
<subfield code="a">History.</subfield>
<subfield code="2">fast</subfield>
<subfield code="0">(OCoLC)fst01411628</subfield>
</datafield>
<datafield tag="700" ind1="1" ind2=" ">
<subfield code="a">Kerr, Malcolm H.,</subfield>
<subfield code="e">ed. and tr.</subfield>
</datafield>
<datafield tag="776" ind1="0" ind2="8">
<subfield code="i">Online version:</subfield>
<subfield code="a">ʻAqīqī, Anṭūn Ḍāhir.</subfield>
<subfield code="t">Lebanon in the last years of feudalism, 1840-1868.</subfield>
<subfield code="d">Beirut, 1959</subfield>
<subfield code="w">(OCoLC)580474139</subfield>
</datafield>
<datafield tag="776" ind1="0" ind2="8">
<subfield code="i">Online version:</subfield>
<subfield code="a">ʻAqīqī, Anṭūn Ḍāhir.</subfield>
<subfield code="t">Lebanon in the last years of feudalism, 1840-1868.</subfield>
<subfield code="d">Beirut, 1959</subfield>
<subfield code="w">(OCoLC)606265350</subfield>
</datafield>
<datafield tag="810" ind1="2" ind2=" ">
<subfield code="a">American University of Beirut.</subfield>
<subfield code="b">Faculty of Arts and Sciences.</subfield>
<subfield code="t">Publications: Oriental series ;</subfield>
<subfield code="v">no. 33.</subfield>
</datafield>
<datafield tag="OWN" ind1=" " ind2=" ">
<subfield code="a">GENERAL</subfield>
</datafield>
<datafield tag="AVA" ind1=" " ind2=" ">
<subfield code="a">NYU50</subfield>
<subfield code="b">BOBST</subfield>
<subfield code="c">Main Collection</subfield>
<subfield code="d">PJ25 .A6 no.33</subfield>
<subfield code="e">unavailable</subfield>
<subfield code="t">Unavailable</subfield>
<subfield code="f">1</subfield>
<subfield code="g">1</subfield>
<subfield code="h">N</subfield>
<subfield code="i">0</subfield>
<subfield code="j">MAIN</subfield>
<subfield code="k">0</subfield>
</datafield>
</record>
